% This file was created with JabRef 2.7b.
% Encoding: UTF-8

@article{chae2009developing,
  title={Developing key performance indicators for supply chain: an industry perspective},
  author={Chae, Bongsug},
  journal={Supply Chain Management: An International Journal},
  volume={14},
  number={6},
  pages={422--428},
  year={2009},
  publisher={Emerald Group Publishing Limited}
}

 @article{aburto2007improved,
  title={Improved supply chain management based on hybrid demand forecasts},
  author={Aburto, Luis and Weber, Richard},
  journal={Applied Soft Computing},
  volume={7},
  number={1},
  pages={136--144},
  year={2007},
  publisher={Elsevier}
}

@article{yenradee2001demand,
  title={Demand forecasting and production planning for highly seasonal demand situations: case study of a pressure container factory},
  author={Yenradee, Pisal and Pinnoi, Anulark and Charoenthavornying, Amnaj},
  journal={Science Asia},
  volume={27},
  number={4},
  pages={271--278},
  year={2001},
  publisher={Citeseer}
}


