% This file was created with JabRef 2.7b.
% Encoding: UTF-8

@article{chae2009developing,
  title={Developing key performance indicators for supply chain: an industry perspective},
  author={Chae, Bongsug},
  journal={Supply Chain Management: An International Journal},
  volume={14},
  number={6},
  pages={422--428},
  year={2009},
  publisher={Emerald Group Publishing Limited}
}

@article{aburto2007improved,
  title={Improved supply chain management based on hybrid demand forecasts},
  author={Aburto, Luis and Weber, Richard},
  journal={Applied Soft Computing},
  volume={7},
  number={1},
  pages={136--144},
  year={2007},
  publisher={Elsevier}
}

@article{yenradee2001demand,
  title={Demand forecasting and production planning for highly seasonal demand situations: case study of a pressure container factory},
  author={Yenradee, Pisal and Pinnoi, Anulark and Charoenthavornying, Amnaj},
  journal={Science Asia},
  volume={27},
  number={4},
  pages={271--278},
  year={2001},
  publisher={Citeseer}
}
@article{mentzer2001defining,
  title={Defining supply chain management},
  author={Mentzer, John T and DeWitt, William and Keebler, James S and Min, Soonhong and Nix, Nancy W and Smith, Carlo D and Zacharia, Zach G},
  journal={Journal of Business logistics},
  volume={22},
  number={2},
  pages={1--25},
  year={2001},
  publisher={Wiley Online Library}
}

@article{lambert2000issues,
  title={Issues in supply chain management},
  author={Lambert, Douglas M and Cooper, Martha C},
  journal={Industrial marketing management},
  volume={29},
  number={1},
  pages={65--83},
  year={2000},
  publisher={Elsevier}
}

@article{croxton2002demand,
  title={The demand management process},
  author={Croxton, Keely L and Lambert, Douglas M and Garc{\'\i}a-Dastugue, Sebasti{\'a}n J and Rogers, Dale S},
  journal={The International Journal of Logistics Management},
  volume={13},
  number={2},
  pages={51--66},
  year={2002},
  publisher={MCB UP Ltd}
}

@article{juttner2007demand,
  title={Demand chain management-integrating marketing and supply chain management},
  author={J{\"u}ttner, Uta and Christopher, Martin and Baker, Susan},
  journal={Industrial marketing management},
  volume={36},
  number={3},
  pages={377--392},
  year={2007},
  publisher={Elsevier}
}

@article{selen2002operations,
  title={Operations in todayâ€™s demand chain management framework},
  author={Selen, Willem and Soliman, Fawzy},
  journal={Journal of Operations Management},
  volume={20},
  number={6},
  pages={667--673},
  year={2002},
  publisher={Wiley Online Library}
}

@article{davis1993effective,
  title={Effective supply chain management},
  author={Davis, Tom},
  journal={Sloan management review},
  volume={34},
  pages={35--35},
  year={1993}
}
